@article{Perozzi_2014,
   title={DeepWalk},
   ISBN={9781450329569},
   url={http://dx.doi.org/10.1145/2623330.2623732},
   DOI={10.1145/2623330.2623732},
   journal={Proceedings of the 20th ACM SIGKDD international conference on Knowledge discovery and data mining - KDD  â€™14},
   publisher={ACM Press},
   author={Perozzi, Bryan and Al-Rfou, Rami and Skiena, Steven},
   year={2014}
}
@article{Zachary,
author = {Zachary, Wayne},
year = {1976},
month = {11},
pages = {},
title = {An Information Flow Model for Conflict and Fission in Small Groups1},
volume = {33},
journal = {Journal of anthropological research},
doi = {10.1086/jar.33.4.3629752}
}
@article{Shayan,
 author = {Andersen, Reid and Gharan, Shayan Oveis and Peres, Yuval and Trevisan, Luca},
 title = {Almost Optimal Local Graph Clustering Using Evolving Sets},
 journal = {J. ACM},
 issue_date = {May 2016},
 volume = {63},
 number = {2},
 month = may,
 year = {2016},
 issn = {0004-5411},
 pages = {15:1--15:31},
 articleno = {15},
 numpages = {31},
 url = {http://doi.acm.org/10.1145/2856030},
 doi = {10.1145/2856030},
 acmid = {2856030},
 publisher = {ACM},
 address = {New York, NY, USA},
 keywords = {Cheeger's inequality, local graph clustering, random walks, sparsest cut},
} 
@article{ESP,
author = {Ravi Montenegro},
title = {Evolving sets and distances},
url = {http://faculty.uml.edu/rmontenegro/8843/notes/lecture16.pdf},
}
@misc{mikolov2013efficient,
    title={Efficient Estimation of Word Representations in Vector Space},
    author={Tomas Mikolov and Kai Chen and Greg Corrado and Jeffrey Dean},
    year={2013},
    eprint={1301.3781},
    archivePrefix={arXiv},
    primaryClass={cs.CL}
}
